@book{cicero1931,
  title = {De Finibus Bonorum et Malorum},
  author = {Cicero, Marcus Tullius.},
  translator = {Rackham, H. (Harris)},
  date = {1931},
  series = {Cicero in Twenty-Eight Volumes ; 17},
  edition = {[2d ed.]},
  publisher = {Harvard University Press},
  location = {Cambridge}
}
